<record><leader>00000cas a22000007a 4500</leader><controlfield tag="001">18769221</controlfield><controlfield tag="008">881116c19879999iduwr ne      0    0eng d</controlfield><datafield ind1=" " ind2=" " tag="010"><subfield code="a">sn 88056091 </subfield></datafield><datafield ind1=" " ind2=" " tag="040"><subfield code="a">NVB</subfield><subfield code="b">eng</subfield><subfield code="c">NVB</subfield><subfield code="d">OCLCQ</subfield></datafield><datafield ind1=" " ind2=" " tag="043"><subfield code="a">n-us-id</subfield></datafield><datafield ind1="0" ind2=" " tag="130"><subfield code="a">Times weekly (Priest River, Idaho)</subfield></datafield><datafield ind1="1" ind2="0" tag="245"><subfield code="a">Times weekly.</subfield></datafield><datafield ind1=" " ind2=" " tag="260"><subfield code="a">Priest River, Idaho :</subfield><subfield code="b">Priest River Times</subfield></datafield><datafield ind1=" " ind2=" " tag="300"><subfield code="a">v.</subfield></datafield><datafield ind1=" " ind2=" " tag="310"><subfield code="a">Weekly</subfield></datafield><datafield ind1="0" ind2=" " tag="362"><subfield code="a">Seventy-third year, no. 5 (Feb. 4, 1987)-seventy-third year, no. 20 (May 20, 1987) ; v. 1, no. 17 (May 27, 1987)-</subfield></datafield><datafield ind1=" " ind2=" " tag="580"><subfield code="a">Supplement to: Priest River times.</subfield></datafield><datafield ind1=" " ind2="0" tag="651"><subfield code="a">Priest River (Idaho)</subfield><subfield code="v">Newspapers.</subfield></datafield><datafield ind1=" " ind2=" " tag="752"><subfield code="a">United States</subfield><subfield code="b">Idaho</subfield><subfield code="c">Bonner</subfield><subfield code="d">Priest River.</subfield></datafield><datafield ind1=" " ind2=" " tag="752"><subfield code="a">United States</subfield><subfield code="b">Wash.</subfield><subfield code="c">Pend Oreille.</subfield></datafield><datafield ind1="1" ind2=" " tag="775"><subfield code="t">Priest River times</subfield><subfield code="w">(DLC)sn 83002692</subfield></datafield></record>